@book{robert1999monte,
  title     = {Monte Carlo statistical methods},
  author    = {Robert, Christian P and Casella, George and Casella, George},
  volume    = {2},
  year      = {1999},
  publisher = {Springer}
}

@book{tarantola2005inverse,
  title     = {Inverse problem theory and methods for model parameter estimation},
  author    = {Tarantola, Albert},
  year      = {2005},
  publisher = {SIAM}
}


