@book{frisch1995turbulence,
  title={Turbulence: the legacy of AN Kolmogorov},
  author={Frisch, Uriel and Kolmogorov, Nikolaevich},
  year={1995},
  publisher={Cambridge university press}
}

@article{birnir2013kolmogorov,
  title={The Kolmogorov--Obukhov statistical theory of turbulence},
  author={Birnir, Bj{\"o}rn},
  journal={Journal of Nonlinear Science},
  volume={23},
  number={4},
  pages={657--688},
  year={2013},
  publisher={Springer}
}