@book{zill2002ecuaciones,
  title     = {Ecuaciones diferenciales con problemas de valores en la frontera},
  author    = {Zill, Dennis G and Cullen, Michael R and Hern{\'a}ndez, Ana Elizabeth Garc{\'\i}a and L{\'o}pez, Ernesto Filio},
  volume    = {1},
  year      = {2002},
  publisher = {Thomson}
}
@book{sears1986fisica,
  title     = {F{\'\i}sica universitaria},
  author    = {Sears, Francis Weston and Zemansky, Mark Waldo and Young, Hugh D and Vara, Rodolfo Hern{\'a}ndez and Garc{\'\i}a, Mercedes Garc{\'\i}a and G{\"u}mes, Edualdo Rubio and Cook, Patricio Martens and Benites, Fabio Gonzal{\'e}z},
  year      = {1986},
  publisher = {Fondo Educativo Interamericano Naucalpan de Ju{\'a}rez, M{\'e}xico}
}
@book{robert1999monte,
  title     = {Monte Carlo statistical methods},
  author    = {Robert, Christian P and Casella, George and Casella, George},
  volume    = {2},
  year      = {1999},
  publisher = {Springer}
}
@book{berger2013statistical,
  title     = {Statistical decision theory and Bayesian analysis},
  author    = {Berger, James O},
  year      = {2013},
  publisher = {Springer Science \& Business Media}
}
@book{tarantola2005inverse,
  title     = {Inverse problem theory and methods for model parameter estimation},
  author    = {Tarantola, Albert},
  year      = {2005},
  publisher = {SIAM}
}
@book{wasserman2013all,
  title     = {All of statistics: a concise course in statistical inference},
  author    = {Wasserman, Larry},
  year      = {2013},
  publisher = {Springer Science \& Business Media}
}
@book{norris1998markov,
  title     = {Markov chains},
  author    = {Norris, James R},
  number    = {2},
  year      = {1998},
  publisher = {Cambridge university press}
}
@book{haggstrom2002finite,
  title     = {Finite Markov chains and algorithmic applications},
  author    = {H{\"a}ggstr{\"o}m, Olle},
  volume    = {52},
  year      = {2002},
  publisher = {Cambridge University Press}
}
@book{griffiths2010numerical,
  title     = {Numerical methods for ordinary differential equations: initial value problems},
  author    = {Griffiths, David Francis and Higham, Desmond J},
  volume    = {5},
  year      = {2010},
  publisher = {Springer}
}
@book{dobson2018introduction,
  title     = {An introduction to generalized linear models},
  author    = {Dobson, Annette J and Barnett, Adrian G},
  year      = {2018},
  publisher = {Chapman and Hall/CRC}
}
@book{kelley2010theory,
  title     = {The theory of differential equations},
  author    = {Kelley, Walter G},
  year      = {2010},
  publisher = {Springer}
}
@article{mengersen1996rates,
  title     = {Rates of convergence of the Hastings and Metropolis algorithms},
  author    = {Mengersen, Kerrie L and Tweedie, Richard L},
  journal   = {The annals of Statistics},
  volume    = {24},
  number    = {1},
  pages     = {101--121},
  year      = {1996},
  publisher = {Institute of Mathematical Statistics}
}
@article{christen2010general,
  title  = {A general purpose sampling algorithm for continuous distributions (the t-walk)},
  author = {Christen, J Andr{\'e}s and Fox, Colin},
  year   = {2010}
}
@phdthesis{Anel,
  title   = {A physics-based surrogate model in inverse problem},
  author  = {Anel Galaviz},
  year    = 2023,
  month   = {September},
  address = {Guanajuato, Guanajuato},
  note    = {Available at \url{https://www.cimat.mx/Aplicaciones/biblioteca/TD/Pub/}},
  school  = {Centro de Investigación en Matemáticas},
  type    = {PhD thesis}
}
@article{capistran2020forecasting,
  title   = {Forecasting hospital demand during COVID-19 pandemic outbreaks},
  author  = {Capistr{\'a}n, Marcos A and Capella, Antonio and Christen, J Andr{\'e}s},
  journal = {arXiv preprint arXiv:2006.01873},
  year    = {2020}
}
@book{casella2024statistical,
  title     = {Statistical inference},
  author    = {Casella, George and Berger, Roger},
  year      = {2024},
  publisher = {CRC Press}
}
@book{wasserman2006all,
  title     = {All of nonparametric statistics},
  author    = {Wasserman, Larry},
  year      = {2006},
  publisher = {Springer Science \& Business Media}
}