@book{tarantola2005inverse,
  title     = {Inverse problem theory and methods for model parameter estimation},
  author    = {Tarantola, Albert},
  year      = {2005},
  publisher = {SIAM}
}

@book{wasserman2004all,
  title     = {All of statistics: a concise course in statistical inference},
  author    = {Wasserman, Larry},
  year      = {2004},
  publisher = {Springer Science \& Business Media}
}

@book{robert1999monte,
  title     = {Monte Carlo statistical methods},
  author    = {Robert, Christian P and Casella, George and Casella, George},
  volume    = {2},
  year      = {1999},
  publisher = {Springer}
}